<record><leader>00000cas a2200000 a 4500</leader><controlfield tag="001">8790171</controlfield><controlfield tag="008">820920d18641887iduir ne      0    0eng  </controlfield><datafield ind1=" " ind2=" " tag="010"><subfield code="a">sn 82006829 </subfield></datafield><datafield ind1=" " ind2=" " tag="040"><subfield code="a">DLC</subfield><subfield code="b">eng</subfield><subfield code="c">DLC</subfield><subfield code="d">NPX</subfield><subfield code="d">NPU</subfield><subfield code="d">UNP</subfield><subfield code="d">DLC</subfield><subfield code="d">NVB</subfield><subfield code="d">CNK</subfield><subfield code="d">OCL</subfield><subfield code="d">CVF</subfield><subfield code="d">NYS</subfield><subfield code="d">OCLCQ</subfield><subfield code="d">OCLCF</subfield><subfield code="d">OCLCO</subfield></datafield><datafield ind1=" " ind2=" " tag="042"><subfield code="a">pcc</subfield></datafield><datafield ind1=" " ind2=" " tag="043"><subfield code="a">n-us-id</subfield></datafield><datafield ind1="0" ind2="0" tag="050"><subfield code="a">Newspaper 7560-X</subfield></datafield><datafield ind1="0" ind2="0" tag="245"><subfield code="a">Idaho tri-weekly statesman.</subfield></datafield><datafield ind1="3" ind2="0" tag="246"><subfield code="a">Idaho statesman</subfield></datafield><datafield ind1=" " ind2=" " tag="260"><subfield code="a">Boise City, I.T. [Boise, Idaho] :</subfield><subfield code="b">James S. Reynolds &amp; Co.,</subfield><subfield code="c">1864-1887.</subfield></datafield><datafield ind1=" " ind2=" " tag="300"><subfield code="a">v. :</subfield><subfield code="b">ill. ;</subfield><subfield code="c">45-48 cm.</subfield></datafield><datafield ind1=" " ind2=" " tag="310"><subfield code="a">Triweekly</subfield></datafield><datafield ind1="0" ind2=" " tag="362"><subfield code="a">Vol. 1, no. 1 (July 26, 1864)-v. 25, no. 18 (Dec. 31. 1887).</subfield></datafield><datafield ind1=" " ind2=" " tag="580"><subfield code="a">Weekly ed.: Idaho weekly statesman, Aug. 6, 1865-&lt;1914&gt;.</subfield></datafield><datafield ind1=" " ind2="0" tag="651"><subfield code="a">Boise (Idaho)</subfield><subfield code="v">Newspapers.</subfield></datafield><datafield ind1=" " ind2="0" tag="651"><subfield code="a">Ada County (Idaho)</subfield><subfield code="v">Newspapers.</subfield></datafield><datafield ind1=" " ind2="7" tag="655"><subfield code="a">Newspapers.</subfield><subfield code="2">fast</subfield><subfield code="0">(OCoLC)fst01423814</subfield></datafield><datafield ind1=" " ind2="7" tag="651"><subfield code="a">Idaho</subfield><subfield code="z">Ada County.</subfield><subfield code="2">fast</subfield><subfield code="0">(OCoLC)fst01211226</subfield></datafield><datafield ind1=" " ind2="7" tag="651"><subfield code="a">Idaho</subfield><subfield code="z">Boise.</subfield><subfield code="2">fast</subfield><subfield code="0">(OCoLC)fst01205276</subfield></datafield><datafield ind1=" " ind2=" " tag="752"><subfield code="a">United States</subfield><subfield code="b">Idaho</subfield><subfield code="c">Ada</subfield><subfield code="d">Boise.</subfield></datafield><datafield ind1="1" ind2=" " tag="775"><subfield code="t">Idaho weekly statesman</subfield><subfield code="w">(DLC)sn 82016433</subfield><subfield code="w">(OCoLC)9328574</subfield></datafield><datafield ind1="0" ind2="0" tag="785"><subfield code="t">Idaho daily statesman</subfield><subfield code="w">(DLC)sn 82006834</subfield><subfield code="w">(OCoLC)8790231</subfield></datafield></record>